<record xmlns="http://www.loc.gov/MARC21/slim" xmlns:xsi="http://www.w3.org/2001/XMLSchema-instance" xsi:schemaLocation="http://www.loc.gov/MARC21/slim http://www.loc.gov/standards/marcxml/schema/MARC21slim.xsd"><leader>03450nam a2200517   4500</leader><controlfield tag="001">3122748</controlfield><controlfield tag="003">NNC</controlfield><controlfield tag="006">m        d        </controlfield><controlfield tag="007">cr cn |||m|||a</controlfield><controlfield tag="008">150223s1928    sy      o     000 0caraod</controlfield><datafield ind1=" " ind2=" " tag="040"><subfield code="a">NNU</subfield><subfield code="b">eng</subfield><subfield code="e">rda</subfield><subfield code="c">NNU</subfield></datafield><datafield ind1=" " ind2="4" tag="050"><subfield code="a">DS37.3</subfield><subfield code="b">.D4 suppl.1-3</subfield></datafield><datafield ind1="1" ind2=" " tag="100"><subfield code="6">880-01</subfield><subfield code="a">H&#803;usayni&#772;, Shams al-Di&#772;n Muh&#803;ammad ibn &#699;Ali&#772;,</subfield><subfield code="d">1315-1364.</subfield></datafield><datafield ind1="1" ind2="0" tag="245"><subfield code="6">880-02</subfield><subfield code="a">Dhayl tadhkirat al-h&#803;uffa&#772;z&#803; lil-Dhahabi&#772; /</subfield><subfield code="c">ta&#700;li&#772;f al-Ha&#772;fiz&#803; Abi&#772; al-Mah&#803;a&#772;sin al-H&#803;usayni&#772; al-Dimashqi&#772;. Wa-yali&#772;h Lah&#803;z&#803; al-alh&#803;a&#772;z bi-dhayl T&#803;abaqa&#772;t al-h&#803;uffa&#772;z&#803;, lil-h&#803;afiz&#803; Taqi&#772; al-Di&#772;n Muh&#803;ammad ibn Fahd al-Makki&#772;. Wa-yatlu&#772;h Dhayl T&#803;abaqa&#772;t al-h&#803;uffa&#772;z&#803; lil-Dhahabi&#772;, lil-h&#803;a&#772;fiz&#803; Jala&#772;l al-Di&#772;n &#699;Abd al-Rah&#803;ma&#772;n al-Suyu&#772;t&#803;i&#772;.</subfield></datafield><datafield ind1="3" ind2=" " tag="246"><subfield code="6">880-03</subfield><subfield code="a">Lah&#803;z&#803; al-alh&#803;a&#772;z&#803; bi-dhayl T&#803;abaqa&#772;t al-h&#803;uffa&#772;z&#803;</subfield></datafield><datafield ind1="3" ind2=" " tag="246"><subfield code="6">880-04</subfield><subfield code="a">Dhayl T&#803;abaqa&#772;t al-h&#803;uffa&#772;z&#803; lil-Dhahabi&#772;</subfield></datafield><datafield ind1=" " ind2=" " tag="260"><subfield code="6">880-05</subfield><subfield code="a">Dimashq :</subfield><subfield code="b">[Mat&#803;ba&#699;at al-T&#803;awfi&#772;q],</subfield><subfield code="c">[1928]</subfield></datafield><datafield ind1=" " ind2=" " tag="300"><subfield code="a">online resource (3, 454 pages)</subfield></datafield><datafield ind1=" " ind2=" " tag="336"><subfield code="a">text</subfield><subfield code="2">rdacontent</subfield></datafield><datafield ind1=" " ind2=" " tag="337"><subfield code="a">computer</subfield><subfield code="2">rdamedia</subfield></datafield><datafield ind1=" " ind2=" " tag="338"><subfield code="a">online resource</subfield><subfield code="2">rdacarrier</subfield></datafield><datafield ind1=" " ind2=" " tag="500"><subfield code="a">Each work also has special t.p.</subfield></datafield><datafield ind1=" " ind2=" " tag="500"><subfield code="a">Part of the Arabic Collections Online (ACO) project, contributed by Columbia University Libraries.</subfield></datafield><datafield ind1=" " ind2=" " tag="533"><subfield code="a">Electronic reproduction.</subfield><subfield code="b">New York, N.Y. :</subfield><subfield code="c">New York University,</subfield><subfield code="d">2015.</subfield><subfield code="5">NNU</subfield></datafield><datafield ind1=" " ind2="0" tag="650"><subfield code="a">Hadith</subfield><subfield code="x">Authorities.</subfield></datafield><datafield ind1=" " ind2="0" tag="650"><subfield code="a">Muslims</subfield><subfield code="v">Biography.</subfield></datafield><datafield ind1=" " ind2="7" tag="650"><subfield code="a">Hadith</subfield><subfield code="x">Authorities.</subfield><subfield code="2">fast</subfield><subfield code="0">(OCoLC)fst00950115</subfield></datafield><datafield ind1=" " ind2="7" tag="650"><subfield code="a">Muslims.</subfield><subfield code="2">fast</subfield><subfield code="0">(OCoLC)fst01031029</subfield></datafield><datafield ind1=" " ind2="7" tag="655"><subfield code="a">Biography.</subfield><subfield code="2">fast</subfield><subfield code="0">(OCoLC)fst01423686</subfield></datafield><datafield ind1="1" ind2=" " tag="700"><subfield code="6">880-06</subfield><subfield code="a">Dhahabi&#772;, Muh&#803;ammad ibn Ah&#803;mad,</subfield><subfield code="d">1274-1348.</subfield><subfield code="t">Kita&#772;b tadhkirat al-h&#803;uffa&#772;z&#803;.</subfield></datafield><datafield ind1="1" ind2=" " tag="700"><subfield code="6">880-07</subfield><subfield code="a">Ibn Fahd, Taqi&#772; al-Di&#772;n Muh&#803;ammad al-Makki&#772;.</subfield><subfield code="t">Lah&#803;z&#803; al-alh&#803;a&#772;z&#803; bi-dhayl t&#803;abaqa&#772;t al-h&#803;uffa&#772;z&#803;.</subfield></datafield><datafield ind1="0" ind2=" " tag="700"><subfield code="6">880-08</subfield><subfield code="a">Suyu&#772;t&#803;i&#772;,</subfield><subfield code="d">1445-1505.</subfield><subfield code="t">Dhayl T&#803;abaqa&#772;t al-h&#803;uffa&#772;z&#803; lil-Dhahabi&#772;.</subfield></datafield><datafield ind1="2" ind2=" " tag="710"><subfield code="a">Columbia University.</subfield><subfield code="b">Libraries.</subfield></datafield><datafield ind1="0" ind2=" " tag="730"><subfield code="a">Arabic Collections Online.</subfield></datafield><datafield ind1="0" ind2="8" tag="776"><subfield code="i">Print version:</subfield><subfield code="a">H&#803;usayni&#772;, Shams al-Di&#772;n Muh&#803;ammad ibn &#699;Ali&#772;, 1315-1364.</subfield><subfield code="t">Dhayl tadhkirat al-h&#803;uffa&#772;z&#803; lil-Dhahabi&#772;</subfield><subfield code="w">(NNC)3122748</subfield><subfield code="w">(OCoLC)20300215</subfield></datafield><datafield ind1="4" ind2="0" tag="856"><subfield code="u">http://hdl.handle.net/2333.1/66t1g3d5</subfield></datafield><datafield ind1="1" ind2=" " tag="880"><subfield code="6">100-01/r</subfield><subfield code="a">&#1581;&#1587;&#1610;&#1606;&#1610;&#1548; &#1588;&#1605;&#1587; &#1575;&#1604;&#1583;&#1610;&#1606; &#1605;&#1581;&#1605;&#1583; &#1576;&#1606; &#1593;&#1604;&#1610;.</subfield></datafield><datafield ind1="1" ind2="0" tag="880"><subfield code="6">245-02/r</subfield><subfield code="a">&#1584;&#1610;&#1604; &#1578;&#1584;&#1603;&#1585;&#1577; &#1575;&#1604;&#1581;&#1601;&#1575;&#1592; &#1604;&#1604;&#1584;&#1607;&#1576;&#1610; /</subfield><subfield code="c">&#1578;&#1571;&#1604;&#1610;&#1601; &#1571;&#1576;&#1610; &#1575;&#1604;&#1605;&#1581;&#1575;&#1587;&#1606; &#1575;&#1604;&#1581;&#1587;&#1610;&#1606;&#1610; &#1575;&#1604;&#1583;&#1605;&#1588;&#1602;&#1610;. &#1608;&#1610;&#1604;&#1610;&#1607; &#1604;&#1581;&#1592; &#1575;&#1604;&#1571;&#1604;&#1581;&#1575;&#1592; &#1576;&#1584;&#1610;&#1604; &#1591;&#1576;&#1602;&#1575;&#1578; &#1575;&#1604;&#1581;&#1601;&#1575;&#1592; / &#1604;&#1578;&#1602;&#1610; &#1575;&#1604;&#1583;&#1610;&#1606; &#1605;&#1581;&#1605;&#1583; &#1576;&#1606; &#1601;&#1607;&#1583; &#1575;&#1604;&#1605;&#1603;&#1610;. &#1608;&#1610;&#1578;&#1604;&#1608;&#1607; &#1584;&#1610;&#1604; &#1591;&#1576;&#1602;&#1575;&#1578; &#1575;&#1604;&#1581;&#1601;&#1575;&#1592; &#1604;&#1604;&#1584;&#1607;&#1576;&#1610; / &#1604;&#1580;&#1604;&#1575;&#1604; &#1575;&#1604;&#1583;&#1610;&#1606; &#1593;&#1576;&#1583; &#1575;&#1604;&#1585;&#1581;&#1605;&#1606; &#1575;&#1604;&#1587;&#1610;&#1608;&#1591;&#1610;.</subfield></datafield><datafield ind1="3" ind2=" " tag="880"><subfield code="6">246-03/r</subfield><subfield code="a">&#1604;&#1581;&#1592; &#1575;&#1604;&#1571;&#1604;&#1581;&#1575;&#1592; &#1576;&#1584;&#1610;&#1604; &#1591;&#1576;&#1602;&#1575;&#1578; &#1575;&#1604;&#1581;&#1601;&#1575;&#1592;</subfield></datafield><datafield ind1="3" ind2=" " tag="880"><subfield code="6">246-04/r</subfield><subfield code="a">&#1584;&#1610;&#1604; &#1591;&#1576;&#1602;&#1575;&#1578; &#1575;&#1604;&#1581;&#1601;&#1575;&#1592; &#1604;&#1604;&#1584;&#1607;&#1576;&#1610;</subfield></datafield><datafield ind1=" " ind2=" " tag="880"><subfield code="6">260-05/r</subfield><subfield code="a">&#1583;&#1605;&#1588;&#1602; :</subfield><subfield code="b">&#1605;&#1591;&#1576;&#1593;&#1577; &#1575;&#1604;&#1578;&#1608;&#1601;&#1610;&#1602;&#1548;</subfield><subfield code="c">&#1633;&#1635;&#1636;&#1639; [&#1633;&#1641;&#1634;&#1640;]</subfield></datafield><datafield ind1="1" ind2=" " tag="880"><subfield code="6">700-06/r</subfield><subfield code="a">&#1584;&#1607;&#1576;&#1610;&#1548; &#1605;&#1581;&#1605;&#1583; &#1576;&#1606; &#1575;&#1581;&#1605;&#1583;&#1548;</subfield><subfield code="d">1274-1348.</subfield><subfield code="t">&#1603;&#1578;&#1575;&#1576; &#1578;&#1584;&#1603;&#1585;&#1577; &#1575;&#1604;&#1581;&#1601;&#1575;&#1592;.</subfield></datafield><datafield ind1="1" ind2=" " tag="880"><subfield code="6">700-07/r</subfield><subfield code="a">&#1575;&#1576;&#1606; &#1601;&#1607;&#1583;&#1548; &#1578;&#1602;&#1610; &#1575;&#1604;&#1583;&#1610;&#1606; &#1605;&#1581;&#1605;&#1583; &#1575;&#1604;&#1605;&#1603;&#1610;.</subfield><subfield code="t">&#1604;&#1581;&#1592; &#1575;&#1604;&#1575;&#1604;&#1581;&#1575;&#1592; &#1576;&#1584;&#1610;&#1604; &#1591;&#1576;&#1602;&#1575;&#1578; &#1575;&#1604;&#1581;&#1601;&#1575;&#1592;.</subfield></datafield><datafield ind1="0" ind2=" " tag="880"><subfield code="6">700-08/r</subfield><subfield code="a">&#1587;&#1610;&#1608;&#1591;&#1610;&#1548;</subfield><subfield code="d">1445-1505.</subfield><subfield code="t">&#1584;&#1610;&#1604; &#1591;&#1576;&#1602;&#1575;&#1578; &#1575;&#1604;&#1581;&#1601;&#1575;&#1592; &#1604;&#1604;&#1584;&#1607;&#1576;&#1610;.</subfield></datafield><datafield ind1=" " ind2=" " tag="959"><subfield code="a">NNU</subfield><subfield code="b">WEB</subfield><subfield code="c">GENI</subfield><subfield code="t">0</subfield><subfield code="m">Electronic access</subfield><subfield code="s">01</subfield></datafield><datafield ind1=" " ind2=" " tag="999"><subfield code="i">NNC_3122748</subfield><subfield code="o">(OCoLC)20300215</subfield><subfield code="s">columbia_aco000077</subfield></datafield></record>